@inproceedings{slovikosky2019pc,
  title={PC Builder Hero: An Immersive Computer Building Workshop Experience in Virtual Reality},
  author={Slovikosky, David and Sanchez, Danielle and Davis, Jonathon and Bozgeyikli, Lila},
  booktitle={Companion Publication of the 2019 on Designing Interactive Systems Conference 2019 Companion},
  pages={283--288},
  year={2019}
}
@mastersthesis{romero2021implementing,
  title={Implementing a webpage that helps manage a custom pc build},
  author={Romero Bujalance, Gerard},
  type={{B.S.} thesis},
  year={2021},
  school={Universitat Polit{`e}cnica de Catalunya}
}
@article{khursheed2023nice,
  title={Nice PC Maker: An Online Interface to build Custom PCs},
  author={Khursheed, Sameer and Khan, Muhammad Moiz and Das, Lachman and Usmani, Shazia and Afzal, Uzma},
  journal={KIET Journal of Computing and Information Sciences},
  volume={6},
  number={1},
  pages={65--81},
  year={2023}
}